% BibTeX bibliography file

@Misc{cgn-annot,
  author = {Michael Moortgat and Ineke Schuurman and Ton van der Wouden},
  title = {{CGN} Syntactische Annotatie},
  year = {2001},
  month = {March},
  note = {internal report Corpus Gesproken Nederlands}
}

@Misc{leuven-yellow-pages,
  author = {Bram Renmans and Ineke Schuurman},
  title = {Yellow pages SA/CGN},
  year = {2001},
  month = {June},
  note = {internal report Corpus Gesproken Nederlands}
}

